@article{ref_article1,
  author = {Abadi}
}
   

